<record><leader>00000cas a22000007a 4500</leader><controlfield tag="001">13995050</controlfield><controlfield tag="008">860731d19141914nvuwx ne      0    0eng d</controlfield><datafield ind1=" " ind2=" " tag="010"><subfield code="a">sn 86076347 </subfield></datafield><datafield ind1=" " ind2=" " tag="040"><subfield code="a">NNX</subfield><subfield code="b">eng</subfield><subfield code="c">NNX</subfield><subfield code="d">OCLCQ</subfield></datafield><datafield ind1=" " ind2=" " tag="042"><subfield code="a">msc</subfield></datafield><datafield ind1="0" ind2=" " tag="130"><subfield code="a">Nevada Democrat (Reno, Nev. : Oct. 10, 1914)</subfield></datafield><datafield ind1="1" ind2="0" tag="245"><subfield code="a">Nevada Democrat.</subfield></datafield><datafield ind1=" " ind2=" " tag="260"><subfield code="a">Reno, Nev. :</subfield><subfield code="b">Executive Committee of the Democratic State Central Committee,</subfield><subfield code="c">1914.</subfield></datafield><datafield ind1=" " ind2=" " tag="300"><subfield code="a">1 v. :</subfield><subfield code="b">ill.</subfield></datafield><datafield ind1=" " ind2=" " tag="310"><subfield code="a">Weekly</subfield></datafield><datafield ind1="0" ind2=" " tag="362"><subfield code="a">Vol. 1, no. 1 (Oct. 10, 1914)-v. 1, no. 6 (Nov. 2, 1914).</subfield></datafield><datafield ind1=" " ind2=" " tag="500"><subfield code="a">"Democrat."</subfield></datafield><datafield ind1=" " ind2=" " tag="515"><subfield code="a">Vol. 1, no. 4 misnumbered Vol. 1, no. 3.</subfield></datafield><datafield ind1=" " ind2=" " tag="752"><subfield code="a">United States</subfield><subfield code="b">Nevada</subfield><subfield code="c">Washoe</subfield><subfield code="d">Reno.</subfield></datafield><datafield ind1="0" ind2="0" tag="780"><subfield code="t">Nevada Democrat (Reno, Nev. : Dec. 25, 1914)</subfield><subfield code="w">(DLC)sn 86091483</subfield><subfield code="w">(OCoLC)13658799</subfield></datafield></record>